@article{10577209,
  author  = {Wang, Yanan and Tian, Yaobin and Chen, Jiawei and Xu, Kun and Ding, Xilun},
  journal = {IEEE Transactions on Instrumentation and Measurement},
  title   = {A Survey of Visual SLAM in Dynamic Environment: The Evolution From Geometric to Semantic Approaches},
  year    = {2024},
  volume  = {73},
  number  = {},
  pages   = {1-21},
  doi     = {10.1109/TIM.2024.3420374}
}
@inproceedings{9196895,
  author    = {Henein, Mina and Zhang, Jun and Mahony, Robert and Ila, Viorela},
  booktitle = {2020 IEEE International Conference on Robotics and Automation (ICRA)},
  title     = {Dynamic SLAM: The Need For Speed},
  year      = {2020},
  volume    = {},
  number    = {},
  pages     = {2123-2129},
  doi       = {10.1109/ICRA40945.2020.9196895}
}
@book{Absil2008,
  author    = {P.-A. Absil and Robert Mahony and Rodolphe Sepulchre},
  title     = {Optimization Algorithms on Matrix Manifolds},
  year      = {2008},
  publisher = {Princeton University Press},
  address   = {Princeton, NJ and Oxford, UK},
  isbn      = {978-0-691-13298-3},
  url       = {https://press.princeton.edu/books/hardcover/9780691132983/optimization-algorithms-on-matrix-manifolds}
}
@misc{akiba2019optunanextgenerationhyperparameteroptimization,
  title         = {Optuna: A Next-generation Hyperparameter Optimization Framework},
  author        = {Takuya Akiba and Shotaro Sano and Toshihiko Yanase and Takeru Ohta and Masanori Koyama},
  year          = {2019},
  eprint        = {1907.10902},
  archiveprefix = {arXiv},
  primaryclass  = {cs.LG},
  url           = {https://arxiv.org/abs/1907.10902}
}
@article{anurev,
  author    = {Mascaro, Ruben and Chli, Margarita},
  title     = {Scene Representations for Robotic Spatial Perception},
  journal   = {Annual Review of Control, Robotics, and Autonomous Systems},
  year      = {2025},
  volume    = {8},
  number    = {Volume 8, 2025},
  pages     = {351-377},
  doi       = {https://doi.org/10.1146/annurev-control-040423-030709},
  url       = {https://www.annualreviews.org/content/journals/10.1146/annurev-control-040423-030709},
  publisher = {Annual Reviews},
  issn      = {2573-5144},
  type      = {Journal Article}
}
@misc{chen2017rethinkingatrousconvolutionsemantic,
  title         = {Rethinking Atrous Convolution for Semantic Image Segmentation},
  author        = {Liang-Chieh Chen and George Papandreou and Florian Schroff and Hartwig Adam},
  year          = {2017},
  eprint        = {1706.05587},
  archiveprefix = {arXiv},
  primaryclass  = {cs.CV},
  url           = {https://arxiv.org/abs/1706.05587}
}
@misc{chen2018encoderdecoderatrousseparableconvolution,
  title         = {Encoder-Decoder with Atrous Separable Convolution for Semantic Image Segmentation},
  author        = {Liang-Chieh Chen and Yukun Zhu and George Papandreou and Florian Schroff and Hartwig Adam},
  year          = {2018},
  eprint        = {1802.02611},
  archiveprefix = {arXiv},
  primaryclass  = {cs.CV},
  url           = {https://arxiv.org/abs/1802.02611}
}
@misc{csurka2023semanticimagesegmentationdecades,
  title         = {Semantic Image Segmentation: Two Decades of Research},
  author        = {Gabriela Csurka and Riccardo Volpi and Boris Chidlovskii},
  year          = {2023},
  eprint        = {2302.06378},
  archiveprefix = {arXiv},
  primaryclass  = {cs.CV},
  url           = {https://arxiv.org/abs/2302.06378}
}
@misc{Deeplabv3plus_PyTorch,
  author       = {Gongfan Fang},
  title        = {DeepLabv3Plus-Pytorch},
  year         = {2022},
  publisher    = {GitHub},
  journal      = {GitHub repository},
  howpublished = {\url{https://github.com/VainF/DeepLabV3Plus-Pytorch}},
  note         = {Accessed: 2025-06-02}
}
@inproceedings{deng2009imagenet,
  title        = {Imagenet: A large-scale hierarchical image database},
  author       = {Deng, Jia and Dong, Wei and Socher, Richard and Li, Li-Jia and Li, Kai and Fei-Fei, Li},
  booktitle    = {2009 IEEE conference on computer vision and pattern recognition},
  pages        = {248--255},
  year         = {2009},
  organization = {Ieee}
}
@misc{djema2023densevisualodometryusing,
  title         = {Dense Visual Odometry Using Genetic Algorithm},
  author        = {Slimane Djema and Zoubir Abdeslem Benselama and Ramdane Hedjar and Krabi Abdallah},
  year          = {2023},
  eprint        = {2311.06149},
  archiveprefix = {arXiv},
  primaryclass  = {cs.RO},
  url           = {https://arxiv.org/abs/2311.06149}
}
@misc{dong2023ashmodernframeworkparallel,
  title         = {ASH: A Modern Framework for Parallel Spatial Hashing in 3D Perception},
  author        = {Wei Dong and Yixing Lao and Michael Kaess and Vladlen Koltun},
  year          = {2023},
  eprint        = {2110.00511},
  archiveprefix = {arXiv},
  primaryclass  = {cs.CV},
  url           = {https://arxiv.org/abs/2110.00511}
}
@article{Forster_2017,
  title     = {On-Manifold Preintegration for Real-Time Visual--Inertial Odometry},
  volume    = {33},
  issn      = {1941-0468},
  url       = {http://dx.doi.org/10.1109/TRO.2016.2597321},
  doi       = {10.1109/tro.2016.2597321},
  number    = {1},
  journal   = {IEEE Transactions on Robotics},
  publisher = {Institute of Electrical and Electronics Engineers (IEEE)},
  author    = {Forster, Christian and Carlone, Luca and Dellaert, Frank and Scaramuzza, Davide},
  year      = {2017},
  month     = feb,
  pages     = {1--21}
}
  
@inproceedings{HaitzHuebnerUlrich2022,
  author    = {Haitz, Dennis and Hübner, Patrick and Ulrich, Markus and Landgraf, Steven and Jutzi, Boris},
  year      = {2022},
  title     = {Semantic segmentation with small training datasets: A case study for corrosion detection on the surface of industrial objects},
  pages     = {73-85},
  booktitle = {Forum Bildverarbeitung 2022. Ed.: T. Längle; M. Heizmann},
  publisher = {{KIT Scientific Publishing}},
  isbn      = {978-3-7315-1237-0},
  language  = {english}
}
@misc{he2015deepresiduallearningimage,
  title         = {Deep Residual Learning for Image Recognition},
  author        = {Kaiming He and Xiangyu Zhang and Shaoqing Ren and Jian Sun},
  year          = {2015},
  eprint        = {1512.03385},
  archiveprefix = {arXiv},
  primaryclass  = {cs.CV},
  url           = {https://arxiv.org/abs/1512.03385}
}
@misc{he2018maskrcnn,
  title         = {Mask R-CNN},
  author        = {Kaiming He and Georgia Gkioxari and Piotr Dollár and Ross Girshick},
  year          = {2018},
  eprint        = {1703.06870},
  archiveprefix = {arXiv},
  primaryclass  = {cs.CV},
  url           = {https://arxiv.org/abs/1703.06870}
}

@misc{lin2018focallossdenseobject,
  title         = {Focal Loss for Dense Object Detection},
  author        = {Tsung-Yi Lin and Priya Goyal and Ross Girshick and Kaiming He and Piotr Dollár},
  year          = {2018},
  eprint        = {1708.02002},
  archiveprefix = {arXiv},
  primaryclass  = {cs.CV},
  url           = {https://arxiv.org/abs/1708.02002}
}

@misc{loshchilov2019decoupledweightdecayregularization,
  title         = {Decoupled Weight Decay Regularization},
  author        = {Ilya Loshchilov and Frank Hutter},
  year          = {2019},
  eprint        = {1711.05101},
  archiveprefix = {arXiv},
  primaryclass  = {cs.LG},
  url           = {https://arxiv.org/abs/1711.05101}
}
@book{Lueck2005,
  author    = {Wolfgang Lück},
  title     = {Algebraische Topologie: Homologie und Mannigfaltigkeiten},
  chapter   = {9},
  pages     = {158-175},
  year      = {2005},
  edition   = {1},
  publisher = {Vieweg+Teubner / Springer},
  series    = {vieweg studium. Aufbaukurs Mathematik (VSAM)},
  address   = {Wiesbaden, Deutschland}
}

@article{Mur_Artal_2015,
  title     = {ORB-SLAM: A Versatile and Accurate Monocular SLAM System},
  volume    = {31},
  issn      = {1941-0468},
  url       = {http://dx.doi.org/10.1109/TRO.2015.2463671},
  doi       = {10.1109/tro.2015.2463671},
  number    = {5},
  journal   = {IEEE Transactions on Robotics},
  publisher = {Institute of Electrical and Electronics Engineers (IEEE)},
  author    = {Mur-Artal, Raul and Montiel, J. M. M. and Tardos, Juan D.},
  year      = {2015},
  month     = oct,
  pages     = {1147–1163}
}
@book{Murray1994,
  author    = {Richard M. Murray and Zexiang Li and S. Shankar Sastry},
  title     = {A Mathematical Introduction to Robotic Manipulation},
  chapter   = {2},
  pages     = {19-61},
  year      = {1994},
  publisher = {CRC Press},
  address   = {Boca Raton, FL},
  url       = {http://www.cds.caltech.edu/~murray/mlswiki},
  isbn      = {9780849379819}
}

@manual{opencv_matcher_tutorial,
  title        = {Feature Matching},
  author       = {{OpenCV Team}},
  year         = {2024},
  note         = {Accessed: 2025-07-08},
  organization = {OpenCV},
  howpublished = {Online documentation},
  url          = {https://docs.opencv.org/4.x/dc/dc3/tutorial_py_matcher.html}
}
@inproceedings{Park_2017_ICCV,
  author    = {Jaesik Park and Qian-Yi Zhou and Vladlen Koltun},
  title     = {Colored Point Cloud Registration Revisited},
  booktitle = {Proceedings of the IEEE International Conference on Computer Vision (ICCV)},
  year      = {2017},
  pages     = {143--152},
  month     = oct,
  doi       = {10.1109/ICCV.2017.25}
}
@techreport{pytorch_Convolution,
  author      = {{PyTorch Developers}},
  institution = {Pytorch},
  title       = {torch.nn.Conv2d - Pytorch Documentation},
  year        = {2025},
  url         = {https://docs.pytorch.org/docs/stable/generated/torch.nn.Conv2d.html},
  note        = {Accessed: 1-05-2025}
}
@misc{ravi2024sam2segmentimages,
  title         = {SAM 2: Segment Anything in Images and Videos},
  author        = {Nikhila Ravi and Valentin Gabeur and Yuan-Ting Hu and Ronghang Hu and Chaitanya Ryali and Tengyu Ma and Haitham Khedr and Roman Rädle and Chloe Rolland and Laura Gustafson and Eric Mintun and Junting Pan and Kalyan Vasudev Alwala and Nicolas Carion and Chao-Yuan Wu and Ross Girshick and Piotr Dollár and Christoph Feichtenhofer},
  year          = {2024},
  eprint        = {2408.00714},
  archiveprefix = {arXiv},
  primaryclass  = {cs.CV},
  url           = {https://arxiv.org/abs/2408.00714}
}
@inproceedings{rusinkiewicz2001efficient,
  author    = {Szymon Rusinkiewicz and Marc Levoy},
  title     = {Efficient Variants of the ICP Algorithm},
  booktitle = {Proceedings Third International Conference on 3-D Digital Imaging and Modeling},
  year      = {2001},
  pages     = {145--152},
  publisher = {IEEE},
  doi       = {10.1109/IM.2001.924423}
}
@inproceedings{steinbruecker2011real,
  title        = {Real-Time Visual Odometry from Dense RGB-D Images},
  author       = {Steinbrücker, Frank and Sturm, Jürgen and Cremers, Daniel},
  booktitle    = {Proceedings of the IEEE International Conference on Computer Vision (ICCV)},
  year         = {2011},
  address      = {Barcelona, Spain},
  organization = {IEEE},
  url          = {https://cvg.cit.tum.de/_media/spezial/bib/steinbruecker_sturm_cremers_iccv11.pdf}
}
@inproceedings{sturm12iros,
  author    = {J. Sturm and N. Engelhard and F. Endres and W. Burgard and D. Cremers},
  title     = {A Benchmark for the Evaluation of RGB-D SLAM Systems},
  booktitle = {Proc. of the International Conference on Intelligent Robot Systems (IROS)},
  year      = {2012},
  month     = oct
}
@misc{watanabe2023treestructuredparzenestimatorunderstanding,
  title         = {Tree-Structured Parzen Estimator: Understanding Its Algorithm Components and Their Roles for Better Empirical Performance},
  author        = {Shuhei Watanabe},
  year          = {2023},
  eprint        = {2304.11127},
  archiveprefix = {arXiv},
  primaryclass  = {cs.LG},
  url           = {https://arxiv.org/abs/2304.11127}
}
@misc{wu2019detectron2,
  author       = {Yuxin Wu and Alexander Kirillov and Francisco Massa and
                  Wan-Yen Lo and Ross Girshick},
  title        = {Detectron2},
  howpublished = {\url{https://github.com/facebookresearch/detectron2}},
  year         = {2019},
  note         = {Accessed: 25-06-2025}
}
@article{Zhou2018,
  author  = {Qian-Yi Zhou and Jaesik Park and Vladlen Koltun},
  title   = {{Open3D}: {A} Modern Library for {3D} Data Processing},
  journal = {arXiv:1801.09847},
  year    = {2018}
}
@misc{zhou2024imagesegmentationfoundationmodel,
  title         = {Image Segmentation in Foundation Model Era: A Survey},
  author        = {Tianfei Zhou and Wang Xia and Fei Zhang and Boyu Chang and Wenguan Wang and Ye Yuan and Ender Konukoglu and Daniel Cremers},
  year          = {2024},
  eprint        = {2408.12957},
  archiveprefix = {arXiv},
  primaryclass  = {cs.CV},
  url           = {https://arxiv.org/abs/2408.12957}
}

@InProceedings{pmlr-v32-hutter14,
  title = 	 {An Efficient Approach for Assessing Hyperparameter Importance},
  author = 	 {Hutter, Frank and Hoos, Holger and Leyton-Brown, Kevin},
  booktitle = 	 {Proceedings of the 31st International Conference on Machine Learning},
  pages = 	 {754--762},
  year = 	 {2014},
  editor = 	 {Xing, Eric P. and Jebara, Tony},
  volume = 	 {32},
  number =       {1},
  series = 	 {Proceedings of Machine Learning Research},
  address = 	 {Bejing, China},
  month = 	 {22--24 Jun},
  publisher =    {PMLR},
  pdf = 	 {http://proceedings.mlr.press/v32/hutter14.pdf},
  url = 	 {https://proceedings.mlr.press/v32/hutter14.html},
}
@misc{minaee2020imagesegmentationusingdeep,
      title={Image Segmentation Using Deep Learning: A Survey}, 
      author={Shervin Minaee and Yuri Boykov and Fatih Porikli and Antonio Plaza and Nasser Kehtarnavaz and Demetri Terzopoulos},
      year={2020},
      eprint={2001.05566},
      archivePrefix={arXiv},
      primaryClass={cs.CV},
      url={https://arxiv.org/abs/2001.05566}, 
}